@misc{budzianowski2018multiwoz,
    title={MultiWOZ - A Large-Scale Multi-Domain Wizard-of-Oz Dataset for Task-Oriented Dialogue Modelling},
    author={Paweł Budzianowski and Tsung-Hsien Wen and Bo-Hsiang Tseng and Iñigo Casanueva and Stefan Ultes and Osman Ramadan and Milica Gašić},
    year={2018},
    eprint={1810.00278},
    archivePrefix={arXiv},
    primaryClass={cs.CL}
}

@misc{kim2019eighth,
    title={The Eighth Dialog System Technology Challenge},
    author={Seokhwan Kim and Michel Galley and Chulaka Gunasekara and Sungjin Lee and Adam Atkinson and Baolin Peng and Hannes Schulz and Jianfeng Gao and Jinchao Li and Mahmoud Adada and Minlie Huang and Luis Lastras and Jonathan K. Kummerfeld and Walter S. Lasecki and Chiori Hori and Anoop Cherian and Tim K. Marks and Abhinav Rastogi and Xiaoxue Zang and Srinivas Sunkara and Raghav Gupta},
    year={2019},
    eprint={1911.06394},
    archivePrefix={arXiv},
    primaryClass={cs.CL}
}

@article{Gao2019NeuralAT,
  title={Neural Approaches to Conversational AI},
  author={Jianfeng Gao and Michel Galley and Lihong Li},
  journal={Found. Trends Inf. Retr.},
  year={2019},
  volume={13},
  pages={127-298}
}

@inproceedings{lee2019convlab,
  title={ConvLab: Multi-Domain End-to-End Dialog System Platform},
  author={Lee, Sungjin and Zhu, Qi and Takanobu, Ryuichi and Li, Xiang and Zhang, Yaoqin and Zhang, Zheng and Li, Jinchao and Peng, Baolin and Li, Xiujun and Huang, Minlie and Gao, Jianfeng},
  booktitle={Proceedings of the 57th Annual Meeting of the Association for Computational Linguistics},
  year={2019}
}

@misc{eric2019multiwoz,
    title={MultiWOZ 2.1: A Consolidated Multi-Domain Dialogue Dataset with State Corrections and State Tracking Baselines},
    author={Mihail Eric and Rahul Goel and Shachi Paul and Adarsh Kumar and Abhishek Sethi and Peter Ku and Anuj Kumar Goyal and Sanchit Agarwal and Shuyang Gao and Dilek Hakkani-Tur},
    year={2019},
    eprint={1907.01669},
    archivePrefix={arXiv},
    primaryClass={cs.CL}
}

@article{Liu2019RoBERTaAR,
  title={RoBERTa: A Robustly Optimized BERT Pretraining Approach},
  author={Yinhan Liu and Myle Ott and Naman Goyal and Jingfei Du and Mandar Joshi and Danqi Chen and Omer Levy and Mike Lewis and Luke Zettlemoyer and Veselin Stoyanov},
  journal={ArXiv},
  year={2019},
  volume={abs/1907.11692}
}

@inproceedings{Budzianowski2018MultiWOZA,
  title={MultiWOZ - A Large-Scale Multi-Domain Wizard-of-Oz Dataset for Task-Oriented Dialogue Modelling},
  author={Pawel Budzianowski and Tsung-Hsien Wen and Bo-Hsiang Tseng and I{\~n}igo Casanueva and Stefan Ultes and Osman Ramadan and Milica Gasic},
  booktitle={EMNLP},
  year={2018}
}

@inproceedings{Lee2019ConvLabME,
  title={ConvLab: Multi-Domain End-to-End Dialog System Platform},
  author={Sungjin Lee and Qi Zhu and Ryuichi Takanobu and Xiang Li and Yaoqin Zhang and Zheng Zhang and Jin-chao Li and Baolin Peng and Xiujun Li and Minlie Huang and Jianfeng Gao},
  booktitle={ACL},
  year={2019}
}

@InProceedings{li2020results,
author = {Li, Jinchao and Peng, Baolin and Lee, Sungjin and Gao, Jianfeng and Takanobu, Ryuichi and Zhu, Qi and Minlie Huang and Schulz, Hannes and Atkinson, Adam and Adada, Mahmoud},
title = {Results of the Multi-Domain Task-Completion Dialog Challenge},
booktitle = {Proceedings of the 34th AAAI Conference on Artificial Intelligence, Eighth Dialog System Technology Challenge Workshop},
year = {2020},
month = {February},
abstract = {The paper provides an overview of the “Multi-domain Task Completion” track (Track 1) at the 8th Dialog System Technology Challenge (DSTC-8). There are two tasks in this track. The first task is end-to-end multi-domain task-completion, which aims to build end-to-end task completion dialog systems based on ConvLab. The second task is fast domain adaptation, seeking to develop models that predict user responses when only limited in-domain data is available. We describe the submissions for both tasks, automatic evaluation and human evaluation procedures, and discuss the outcomes of these two evaluations.}
}

@InProceedings{WuTradeDST2019,
  	author = "Wu, Chien-Sheng and Madotto, Andrea and Hosseini-Asl, Ehsan and Xiong, Caiming and Socher, Richard and Fung, Pascale",
  	title = 	"Transferable Multi-Domain State Generator for Task-Oriented Dialogue Systems",
  	booktitle = 	"Proceedings of the 57th Annual Meeting of the Association for Computational Linguistics (Volume 1: Long Papers)",
  	year = 	"2019",
  	publisher = "Association for Computational Linguistics"
}

@article{Kim2017ONENETJD,
  title={ONENET: Joint domain, intent, slot prediction for spoken language understanding},
  author={Young-Bum Kim and Sungjin Lee and Karl Stratos},
  journal={2017 IEEE Automatic Speech Recognition and Understanding Workshop (ASRU)},
  year={2017},
  pages={547-553}
}

@article{Liu2004ConceptNetA,
  title={ConceptNet — A Practical Commonsense Reasoning Tool-Kit},
  author={Hugo Liu and Push Singh},
  journal={BT Technology Journal},
  year={2004},
  volume={22},
  pages={211-226}
}

@inproceedings{Speer2016ConceptNet5A,
  title={ConceptNet 5.5: An Open Multilingual Graph of General Knowledge},
  author={Robyn Speer and Joshua Chin and Catherine Havasi},
  booktitle={AAAI},
  year={2016}
}

@article{Mrksic2016NeuralBT,
  title={Neural Belief Tracker: Data-Driven Dialogue State Tracking},
  author={Nikola Mrksic and Diarmuid {\'O} S{\'e}aghdha and Tsung-Hsien Wen and Blaise Thomson and Steve J. Young},
  journal={ArXiv},
  year={2016},
  volume={abs/1606.03777}
}

@article{Vaswani2017AttentionIA,
  title={Attention is All you Need},
  author={Ashish Vaswani and Noam Shazeer and Niki Parmar and Jakob Uszkoreit and Llion Jones and Aidan N. Gomez and Lukasz Kaiser and Illia Polosukhin},
  journal={ArXiv},
  year={2017},
  volume={abs/1706.03762}
}

@article{Devlin2019BERTPO,
  title={BERT: Pre-training of Deep Bidirectional Transformers for Language Understanding},
  author={Jacob Devlin and Ming-Wei Chang and Kenton Lee and Kristina Toutanova},
  journal={ArXiv},
  year={2019},
  volume={abs/1810.04805}
}

@article{Le2020NonAutoregressiveDS,
  title={Non-Autoregressive Dialog State Tracking},
  author={Hung T. Le and Richard Socher and Steven C. H. Hoi},
  journal={ArXiv},
  year={2020},
  volume={abs/2002.08024}
}

@article{Bordes2016LearningEG,
  title={Learning End-to-End Goal-Oriented Dialog},
  author={Antoine Bordes and Jason Weston},
  journal={ArXiv},
  year={2016},
  volume={abs/1605.07683}
}

@inproceedings{Sukhbaatar2015EndToEndMN,
  title={End-To-End Memory Networks},
  author={Sainbayar Sukhbaatar and Arthur Szlam and Jason Weston and Rob Fergus},
  booktitle={NIPS},
  year={2015}
}

@inproceedings{Pennington2014GloveGV,
  title={Glove: Global Vectors for Word Representation},
  author={Jeffrey Pennington and Richard Socher and Christopher D. Manning},
  booktitle={EMNLP},
  year={2014}
}