@article{Bordes2016LearningEG,
  title={Learning End-to-End Goal-Oriented Dialog},
  author={Antoine Bordes and Jason Weston},
  journal={ArXiv},
  year={2016},
  volume={abs/1605.07683}
}

@article{Mrksic2016NeuralBT,
  title={Neural Belief Tracker: Data-Driven Dialogue State Tracking},
  author={Nikola Mrksic and Diarmuid {\'O} S{\'e}aghdha and Tsung-Hsien Wen and Blaise Thomson and Steve J. Young},
  journal={ArXiv},
  year={2016},
  volume={abs/1606.03777}
}

@article{Young2013POMDPBasedSS,
  title={POMDP-Based Statistical Spoken Dialog Systems: A Review},
  author={Steve J. Young and Milica Gasic and Blaise Thomson and Jason D. Williams},
  journal={Proceedings of the IEEE},
  year={2013},
  volume={101},
  pages={1160-1179}
}

@article{Williams2007PartiallyOM,
  title={Partially observable Markov decision processes for spoken dialog systems},
  author={Jason D. Williams and Steve J. Young},
  journal={Comput. Speech Lang.},
  year={2007},
  volume={21},
  pages={393-422}
}

@article{Gao2019NeuralAT,
  title={Neural Approaches to Conversational AI},
  author={Jianfeng Gao and Michel Galley and Lihong Li},
  journal={Found. Trends Inf. Retr.},
  year={2019},
  volume={13},
  pages={127-298}
}

@inproceedings{Serban2015BuildingED,
  title={Building End-To-End Dialogue Systems Using Generative Hierarchical Neural Network Models},
  author={Iulian Serban and Alessandro Sordoni and Yoshua Bengio and Aaron C. Courville and Joelle Pineau},
  booktitle={AAAI},
  year={2015}
}

@misc{zhang2020recent,
    title={Recent Advances and Challenges in Task-oriented Dialog System},
    author={Zheng Zhang and Ryuichi Takanobu and Minlie Huang and Xiaoyan Zhu},
    year={2020},
    eprint={2003.07490},
    archivePrefix={arXiv},
    primaryClass={cs.CL}
}

@article{Sutton1999BetweenMA,
  title={Between MDPs and Semi-MDPs: A Framework for Temporal Abstraction in Reinforcement Learning},
  author={Richard S. Sutton and Doina Precup and Satinder P. Singh},
  journal={Artif. Intell.},
  year={1999},
  volume={112},
  pages={181-211}
}

@article{Adiwardana2020TowardsAH,
  title={Towards a Human-like Open-Domain Chatbot},
  author={Daniel De Freitas Adiwardana and Minh-Thang Luong and David R. So and Jamie Hall and Noah Fiedel and Romal Thoppilan and Zi Yang and Apoorv Kulshreshtha and Gaurav Nemade and Yifeng Lu and Quoc V. Le},
  journal={ArXiv},
  year={2020},
  volume={abs/2001.09977}
}

@inproceedings{Core1997CodingDW,
  title={Coding Dialogs with the DAMSL Annotation Scheme},
  author={Mark G. Core and James F. Allen},
  year={1997}
}

@misc{kumar2020madst,
    title={MA-DST: Multi-Attention Based Scalable Dialog State Tracking},
    author={Adarsh Kumar and Peter Ku and Anuj Kumar Goyal and Angeliki Metallinou and Dilek Hakkani-Tur},
    year={2020},
    eprint={2002.08898},
    archivePrefix={arXiv},
    primaryClass={cs.CL}
}

@inproceedings{Luo2019LearningPE,
  title={Learning Personalized End-to-End Goal-Oriented Dialog},
  author={Liangchen Luo and Wenhao Huang and Qi Zeng and Zaiqing Nie and Xu Sun},
  booktitle={AAAI},
  year={2019}
}

@article{Einolghozati2019ImprovingSP,
  title={Improving Semantic Parsing for Task Oriented Dialog},
  author={Arash Einolghozati and Panupong Pasupat and Sonal Gupta and Rushin Shah and Mrinal Mohit and Mike Lewis and Luke Zettlemoyer},
  journal={ArXiv},
  year={2019},
  volume={abs/1902.06000}
}

@article{Li2016APN,
  title={A Persona-Based Neural Conversation Model},
  author={Jiwei Li and Michel Galley and Chris Brockett and Georgios P. Spithourakis and Jianfeng Gao and William B. Dolan},
  journal={ArXiv},
  year={2016},
  volume={abs/1603.06155}
}

@article{Kaelbling1996ReinforcementLA,
  title={Reinforcement Learning: A Survey},
  author={Leslie Pack Kaelbling and Michael L. Littman and Andrew W. Moore},
  journal={ArXiv},
  year={1996},
  volume={cs.AI/9605103}
}

@article{Sutton1988ReinforcementLA,
  title={Reinforcement Learning: An Introduction},
  author={Richard S. Sutton and Andrew G. Barto},
  journal={IEEE Transactions on Neural Networks},
  year={1988},
  volume={16},
  pages={285-286}
}

@inproceedings{Jelinek1976SpeechRB,
  title={Speech Recognition by Statistical Methods},
  author={Frederick Jelinek},
  year={1976}
}

@inproceedings{Bollacker2008FreebaseAC,
  title={Freebase: a collaboratively created graph database for structuring human knowledge},
  author={Kurt D. Bollacker and C. J. Evans and Praveen Paritosh and Tim Sturge and Jamie Taylor},
  booktitle={SIGMOD Conference},
  year={2008}
}

@inproceedings{Speer2016ConceptNet5A,
  title={ConceptNet 5.5: An Open Multilingual Graph of General Knowledge},
  author={Robyn Speer and Joshua Chin and Catherine Havasi},
  booktitle={AAAI},
  year={2016}
}

@inproceedings{Berant2013SemanticPO,
  title={Semantic Parsing on Freebase from Question-Answer Pairs},
  author={Jonathan Berant and Andrew Chou and Roy Frostig and Percy Liang},
  booktitle={EMNLP},
  year={2013}
}

@article{Young2010TheHI,
  title={The Hidden Information State model: A practical framework for POMDP-based spoken dialogue management},
  author={Steve J. Young and Milica Gasic and Simon Keizer and Fran√ßois Mairesse and Jost Schatzmann and Blaise Thomson and Kai Yu},
  journal={Comput. Speech Lang.},
  year={2010},
  volume={24},
  pages={150-174}
}

@article{Kaelbling1998PlanningAA,
  title={Planning and Acting in Partially Observable Stochastic Domains},
  author={Leslie Pack Kaelbling and Michael L. Littman and Anthony R. Cassandra},
  journal={Artif. Intell.},
  year={1998},
  volume={101},
  pages={99-134}
}

@article{Vinyals2015ANC,
  title={A Neural Conversational Model},
  author={Oriol Vinyals and Quoc V. Le},
  journal={ArXiv},
  year={2015},
  volume={abs/1506.05869}
}

@inproceedings{Sukhbaatar2015EndToEndMN,
  title={End-To-End Memory Networks},
  author={Sainbayar Sukhbaatar and Arthur Szlam and Jason Weston and Rob Fergus},
  booktitle={NIPS},
  year={2015}
}

@article{Hochreiter1997LongSM,
  title={Long Short-Term Memory},
  author={Sepp Hochreiter and J{\"u}rgen Schmidhuber},
  journal={Neural Computation},
  year={1997},
  volume={9},
  pages={1735-1780}
}

@inproceedings{Vaswani2017AttentionIA,
  title={Attention is All you Need},
  author={Ashish Vaswani and Noam Shazeer and Niki Parmar and Jakob Uszkoreit and Llion Jones and Aidan N. Gomez and Lukasz Kaiser and Illia Polosukhin},
  booktitle={NIPS},
  year={2017}
}

@inproceedings{Devlin2019BERTPO,
  title={BERT: Pre-training of Deep Bidirectional Transformers for Language Understanding},
  author={Jacob Devlin and Ming-Wei Chang and Kenton Lee and Kristina Toutanova},
  booktitle={NAACL-HLT},
  year={2019}
}